@inproceedings{Gupta,
  author    = {Anupam Gupta and
               Kunal Talwar and
               Udi Wieder},
  title     = {Changing Bases: Multistage Optimization for Matroids and Matchings},
  booktitle = {Automata, Languages, and Programming - 41st International Colloquium,
               {ICALP} 2014, Copenhagen, Denmark, July 8-11, 2014, Proceedings, Part
               {I}},
  pages     = {563--575},
  year      = {2014},
  crossref  = {DBLP:conf/icalp/2014-1},
  timestamp = {Tue, 23 May 2017 01:08:21 +0200},
  biburl    = {https://dblp.org/rec/bib/conf/icalp/GuptaTW14},
  bibsource = {dblp computer science bibliography, https://dblp.org}
}

@phdthesis{rottner2018combinatorial,
  title={Combinatorial Aspects of the Unit Commitment Problem},
  author={Rottner, C{\'e}cile},
  year={2018}
}


@proceedings{DBLP:conf/spaa/2017,
  editor    = {Christian Scheideler and
               Mohammad Taghi Hajiaghayi},
  title     = {Proceedings of the 29th {ACM} Symposium on Parallelism in Algorithms
               and Architectures, {SPAA} 2017, Washington DC, USA, July 24-26, 2017},
  publisher = {{ACM}},
  year      = {2017},
  url       = {https://doi.org/10.1145/3087556},
  doi       = {10.1145/3087556},
  isbn      = {978-1-4503-4593-4},
  timestamp = {Tue, 06 Nov 2018 16:59:33 +0100},
  biburl    = {https://dblp.org/rec/bib/conf/spaa/2017},
  bibsource = {dblp computer science bibliography, https://dblp.org}
}


@inproceedings{Eisenstat,
  author    = {David Eisenstat and
               Claire Mathieu and
               Nicolas Schabanel},
  title     = {Facility Location in Evolving Metrics},
  booktitle = {Automata, Languages, and Programming - 41st International Colloquium,
               {ICALP} 2014, Copenhagen, Denmark, July 8-11, 2014, Proceedings, Part
               {II}},
  pages     = {459--470},
  year      = {2014},
  crossref  = {DBLP:conf/icalp/2014-2},
  timestamp = {Tue, 23 May 2017 01:08:39 +0200},
  biburl    = {https://dblp.org/rec/bib/conf/icalp/EisenstatMS14},
  bibsource = {dblp computer science bibliography, https://dblp.org}
}


@proceedings{DBLP:conf/icalp/2014-1,
  editor    = {Javier Esparza and
               Pierre Fraigniaud and
               Thore Husfeldt and
               Elias Koutsoupias},
  title     = {Automata, Languages, and Programming - 41st International Colloquium,
               {ICALP} 2014, Copenhagen, Denmark, July 8-11, 2014, Proceedings, Part
               {I}},
  series    = {Lecture Notes in Computer Science},
  volume    = {8572},
  publisher = {Springer},
  year      = {2014},
  isbn      = {978-3-662-43947-0},
  timestamp = {Tue, 23 May 2017 01:08:20 +0200},
  biburl    = {https://dblp.org/rec/bib/conf/icalp/2014-1},
  bibsource = {dblp computer science bibliography, https://dblp.org}
}

@proceedings{DBLP:conf/icalp/2014-2,
  editor    = {Javier Esparza and
               Pierre Fraigniaud and
               Thore Husfeldt and
               Elias Koutsoupias},
  title     = {Automata, Languages, and Programming - 41st International Colloquium,
               {ICALP} 2014, Copenhagen, Denmark, July 8-11, 2014, Proceedings, Part
               {II}},
  series    = {Lecture Notes in Computer Science},
  volume    = {8573},
  publisher = {Springer},
  year      = {2014},
  isbn      = {978-3-662-43950-0},
  timestamp = {Tue, 23 May 2017 01:08:21 +0200},
  biburl    = {https://dblp.org/rec/bib/conf/icalp/2014-2},
  bibsource = {dblp computer science bibliography, https://dblp.org}
}


@book{gj,
  author = {Garey, Michael R and Johnson, David S},
  publisher = {W. H. Freeman},
  title = {Computers and Intractability: A Guide to the Theory of NP-Completeness},
  url = {},
  year = 1979
}